<collection xmlns="http://www.loc.gov/MARC21/slim">
<record>
  <leader>00636na 0a22001451i 450 </leader>
  <controlfield tag="001">IT\ICCU\CNCE\060516</controlfield>
  <controlfield tag="005">20100517000000.0</controlfield>
  <datafield tag="100" ind1=" " ind2=" ">
    <subfield code="a">20050511             0itac0103    ba</subfield>
  </datafield>
  <datafield tag="101" ind1=" " ind2=" ">
    <subfield code="a">LAT</subfield>
  </datafield>
  <datafield tag="200" ind1="1" ind2=" ">
    <subfield code="a">Tabulae introductionis magistri Francisci Toledi Aristotelis. Cum quibusdam Praeludijs, ad hanc  introductionem, &amp; Logicam ipsam facilius intelligendam, Tyronibus maxime necessarijs</subfield>
  </datafield>
  <datafield tag="700" ind1=" " ind2="1">
    <subfield code="a">Toledo,</subfield>
    <subfield code="b">Francisco</subfield>
    <subfield code="3">IT\ICCU\CNCA\007074</subfield>
  </datafield>
  <datafield tag="702" ind1=" " ind2="0">
    <subfield code="a">Aristoteles</subfield>
    <subfield code="3">IT\ICCU\CNCA\000006</subfield>
  </datafield>
  <datafield tag="790" ind1=" " ind2="1">
    <subfield code="a">Toletus,</subfield>
    <subfield code="b">Franciscus</subfield>
    <subfield code="3">IT\ICCU\CNCA\009726</subfield>
    <subfield code="z">Toledo, Francisco</subfield>
  </datafield>
  <datafield tag="790" ind1=" " ind2="0">
    <subfield code="a">Aristotele</subfield>
    <subfield code="3">IT\ICCU\CNCA\018928</subfield>
    <subfield code="z">Aristoteles</subfield>
  </datafield>
  <datafield tag="801" ind1=" " ind2="3">
    <subfield code="a">IT</subfield>
    <subfield code="b">ICCU</subfield>
    <subfield code="c">20201115</subfield>
  </datafield>
</record>
</collection>
